  ##############
  # R packages

  @Manual{baseR,
    title = {R: A Language and Environment for Statistical Computing},
    author = {{R Core Team}},
    organization = {R Foundation for Statistical Computing},
    address = {Vienna, Austria},
    year = {2016},
    url = {https://www.R-project.org/},
  }
 @Book{bookdown,
    title = {bookdown: Authoring Books and Technical Documents with {R} Markdown},
    author = {Yihui Xie},
    publisher = {Chapman and Hall/CRC},
    address = {Boca Raton, Florida},
    year = {2016},
    note = {ISBN 978-1138700109},
    url = {https://github.com/rstudio/bookdown},
  }
  @Manual{data.table,
    title = {data.table: Extension of Data.frame},
    author = {M Dowle and A Srinivasan and T Short and S Lianoglou with contributions from R Saporta and E Antonyan},
    year = {2015},
    note = {R package version 1.9.6},
    url = {https://CRAN.R-project.org/package=data.table},
  }
  @Manual{dplyr,
    title = {dplyr: A Grammar of Data Manipulation},
    author = {Hadley Wickham and Romain Francois},
    year = {2016},
    note = {R package version 0.5.0},
    url = {https://CRAN.R-project.org/package=dplyr},
  }
   @Book{ggplot2,
    author = {Hadley Wickham},
    title = {ggplot2: Elegant Graphics for Data Analysis},
    publisher = {Springer-Verlag New York},
    year = {2009},
    isbn = {978-0-387-98140-6},
    url = {http://ggplot2.org},
  }

  @Article{ggmap,
    author = {David Kahle and Hadley Wickham},
    title = {ggmap: Spatial Visualization with ggplot2},
    journal = {The R Journal},
    year = {2013},
    volume = {5},
    number = {1},
    pages = {144--161},
    url = {http://journal.r-project.org/archive/2013-1/kahle-wickham.pdf},
  }
 @Manual{GREENGridData,
    title = {GREENGridData: Processing NZ GREEN Grid project data to create a 'safe' version for data archiving and re-use},
    author = {Ben Anderson and David Eyers},
    year = {2018},
    note = {R package version 1.0},
    url = {https://github.com/CfSOtago/GREENGridData},

  }
  @Manual{gridExtra,
    title = {gridExtra: Miscellaneous Functions for "Grid" Graphics},
    author = {Baptiste Auguie},
    year = {2016},
    note = {R package version 2.2.1},
    url = {https://CRAN.R-project.org/package=gridExtra},
  }
  @Manual{here,
    title = {here: A Simpler Way to Find Your Files},
    author = {Kirill Müller},
    year = {2017},
    note = {R package version 0.1},
    url = {https://CRAN.R-project.org/package=here},
  }
  @Manual{hms,
    title = {hms: Pretty Time of Day},
    author = {Kirill Müller},
    year = {2018},
    note = {R package version 0.4.2},
    url = {https://CRAN.R-project.org/package=hms},
  }
  @Manual{kableExtra,
    title = {kableExtra: Construct Complex Table with 'kable' and Pipe Syntax},
    author = {Hao Zhu},
    year = {2018},
    note = {R package version 0.8.0},
    url = {https://CRAN.R-project.org/package=kableExtra},
  }
  @Manual{knitr,
    title = {knitr: A General-Purpose Package for Dynamic Report Generation in R},
    author = {Yihui Xie},
    year = {2016},
    url = {https://CRAN.R-project.org/package=knitr},
  }
   @Article{lubridate,
    title = {Dates and Times Made Easy with {lubridate}},
    author = {Garrett Grolemund and Hadley Wickham},
    journal = {Journal of Statistical Software},
    year = {2011},
    volume = {40},
    number = {3},
    pages = {1--25},
    url = {http://www.jstatsoft.org/v40/i03/},
  }
  @Manual{progress,
    title = {progress: Terminal Progress Bars},
    author = {Gábor Csárdi and Rich FitzJohn},
    year = {2016},
    note = {R package version 1.1.2},
    url = {https://CRAN.R-project.org/package=progress},
  }
  @Manual{readr,
    title = {readr: Read Tabular Data},
    author = {Hadley Wickham and Jim Hester and Romain Francois},
    year = {2016},
    note = {R package version 1.0.0},
    url = {https://CRAN.R-project.org/package=readr},
  }
  @Manual{readxl,
    title = {readxl: Read Excel Files},
    author = {Hadley Wickham and Jennifer Bryan},
    year = {2017},
    note = {R package version 1.0.0},
    url = {https://CRAN.R-project.org/package=readxl},
  }
  @Manual{rmarkdown,
    title = {rmarkdown: Dynamic Documents for R},
    author = {JJ Allaire and Yihui Xie and Jonathan McPherson and Javier Luraschi and Kevin Ushey and Aron Atkins and Hadley Wickham and Joe Cheng and Winston Chang},
    year = {2018},
    note = {R package version 1.10},
    url = {https://CRAN.R-project.org/package=rmarkdown},
  }
  @Article{reshape2,
    title = {Reshaping Data with the {reshape} Package},
    author = {Hadley Wickham},
    journal = {Journal of Statistical Software},
    year = {2007},
    volume = {21},
    number = {12},
    pages = {1--20},
    url = {http://www.jstatsoft.org/v21/i12/},
  }
  @Manual{skimr,
    title = {skimr: skimr},
    author = {Eduardo {Arino de la Rubia} and Hao Zhu and Shannon Ellis and Elin Waring and Michael Quinn},
    year = {2017},
    note = {R package version 1.0},
    url = {https://github.com/ropenscilabs/skimr},
  }
   @Manual{stringr,
    title = {stringr: Simple, Consistent Wrappers for Common String Operations},
    author = {Hadley Wickham},
    year = {2016},
    note = {R package version 1.1.0},
    url = {https://CRAN.R-project.org/package=stringr}
  }

##############
# Papers

@article{stephenson_smart_2017,
	title = {Smart grid research in {New} {Zealand}–{A} review from the {GREEN} {Grid} research programme},
	journal = {Renewable and Sustainable Energy Reviews},
	author = {Stephenson, Janet and Ford, Rebecca and Nair, Nirmal-Kumar and Watson, Neville and Wood, Alan and Miller, Allan},
	year = {2017},
	url = {https://doi.org/10.1016/j.rser.2017.07.010},
	pages = {1636--1645},
	volume = {82 (1)}
}

@techreport{ec2Survey2015,
  title = {National Household Survey of Energy and Transportation: Energy Cultures Two},
  url = {http://hdl.handle.net/10523/5634},
  school = {University of Otago},
  address = {Centre for Sustainability},
  author = {Wooliscroft, B},
  year = {2015}
}

@techreport{ggFutureProfiles2018,
  title = {Potential future changes to residential electricity load profiles – findings from the GridSpy dataset},
  url = {http://hdl.handle.net/10523/8074},
  school = {University of Otago},
  address = {Centre for Sustainability},
  author = {Jack, Michael and Suomalainen, Kiti},
  year = {2018}
}

@article{jack_minimal_2018,
	title = {A minimal simulation of the electricity demand of a domestic hot water cylinder for smart control},
	volume = {211},
	journal = {Applied Energy},
	author = {Jack, M. W. and Suomalainen, K. and Dew, J. J. W. and Eyers, D.},
	year = {2018},
	url = {https://www.sciencedirect.com/science/article/pii/S0306261917316197},
	pages = {104--112}
}

@inproceedings{suomalainen_comparative_2017,
	title = {Comparative analysis of monitored and self-reported data on electricity use},
	booktitle = {Environment and {Electrical} {Engineering} and 2017 {IEEE} {Industrial} and {Commercial} {Power} {Systems} {Europe} ({EEEIC}/{I}\&{CPS} {Europe}), 2017 {IEEE} {International} {Conference} on},
	publisher = {IEEE},
	author = {Suomalainen, Kiti and Jack, Michael and Byers, David and Ford, Rebecca and Stephenson, Janet},
	year = {2017},
	url = {https://ieeexplore.ieee.org/document/7977557/},
	pages = {1--4}
}

@mastersthesis{dianaThesis2015,
  title = {Developing an energy-related Time-Use Diary for gaining insights into New Zealand households’ electricity consumption},
  url = {http://hdl.handle.net/10523/5957},
  school = {University of Otago},
  address = {Centre for Sustainability},
  author = {Giraldo Ocampo, Diana},
  year = {2015}
}
